@online{PAKE_Green_blog,
  author = {Green, Matthew},
  title = {Letâ€™s talk about {PAKE}},
  year = 2018,
  url = {https://blog.cryptographyengineering.com/2018/10/19/lets-talk-about-pake/},
  urldate = {2021-09-25}
}

@online{PAKE_Cloudflare_blog,
  author = {Bradley, Tatiana},
  title = {{OPAQUE:} The Best Passwords Never Leave
your Device},
  year = 2020,
  url = {https://blog.cloudflare.com/opaque-oblivious-passwords/},
  urldate = {2021-09-25},
  organization = {cloudflare}
}

@inproceedings{OPAQUE_Paper,
  author    = {Stanislaw Jarecki and
               Hugo Krawczyk and
               Jiayu Xu},
  title     = {{OPAQUE:} An Asymmetric {PAKE} Protocol Secure Against Pre-computation
               Attacks},
  booktitle = {{EUROCRYPT} 2018},
  series    = {Lecture Notes in Computer Science},
  volume    = {10822},
  pages     = {456--486},
  publisher = {Springer},
  year      = {2018},
  url       = {https://doi.org/10.1007/978-3-319-78372-7\_15},
  doi       = {10.1007/978-3-319-78372-7\_15},
  timestamp = {Tue, 14 May 2019 10:00:53 +0200}
}

@inproceedings{aPAKE_Formalized,
  author    = {Craig Gentry and
               Philip D. MacKenzie and
               Zulfikar Ramzan},
  title     = {A Method for Making Password-Based Key Exchange Resilient to Server
               Compromise},
  booktitle = {{CRYPTO}},
  series    = {Lecture Notes in Computer Science},
  volume    = {4117},
  pages     = {142--159},
  publisher = {Springer},
  year      = {2006}
}

@inproceedings{Argon2_Paper,
  author    = {Alex Biryukov and
               Daniel Dinu and
               Dmitry Khovratovich},
  title     = {Argon2: New Generation of Memory-Hard Functions for Password Hashing
               and Other Applications},
  booktitle = {EuroS{\&}P},
  pages     = {292--302},
  publisher = {{IEEE}},
  year      = {2016}
}

@article{Scrypt_Paper,
  author    = {Colin Percival and
               Simon Josefsson},
  title     = {The scrypt Password-Based Key Derivation Function},
  journal   = {{RFC}},
  volume    = {7914},
  pages     = {1--16},
  year      = {2016}
}

% A revoir :
@book{OPAQUE_Standard_Draft,
    author      = {Krawczyk, Hugo and Bourdrez, D. and Lewi, K. and Wood, C.A.},
    year        = {2021},
    title       = {The OPAQUE Asymmetric PAKE Protocol},
    address     = {Fremont, California, USA},
    edition     = {{draft-irtf-cfrg-opaque-06}},
    publisher   = {Internet Engineering Task Force},
    url         = {https://www.ietf.org/id/draft-irtf-cfrg-opaque-06.html},
}

% Alexandre Duc, CAA, 05-passwords
